@article{Eldin:2014,
	author = {Eldin, C. and Mahamat, A. and Demar, M. and Abboud, P. and Djousso, F. and Raoult, D.},
	year = {2014},
	title = {Review article: Q fever in {F}rench {G}uiana},
	journal = {American Journal of Tropical Medicine and Hygiene},
	volume = {91},
	pages = {771 - 776},
	doi = {10.4269/ajtmh.14-0282}
}

@article{Wielders:2013,
	author = {Wielders, C. and Morroy, G. and Wever, P. and Coutinho, R. and Schneeberger, P. and van der Hoek, W.},
	year = {2013},
	title = {Strategies for early detection of chronic {Q}-fever: a systematic review},
	journal = {European Journal of Clinical Investigation},
	volume = {43},
	pages = {616 - 639},
	doi = {10.1111/eci.12073}
}

@article{Georgiev:2013,
	author = {Georgiev, M. and Afonso, A. and Neubauer, H. and Needham, H. and Thi\'{e}ry, R. and Rodolakis, A. and Roest, H. and St\"{a}rk, K. and Stegman, J. and Vellema, P. and van der Hoek, W. and More, S.},
	year = {2013},
	title = {Q fever in humans and farm animals in four {E}uropean countries, 1982 to 2010},
	journal = {European Surveillance},
	volume = {18},
	pages = {20407},
	doi = {}
}

@article{Roest:2013,
	author = {Roest, H. and Bossers, A. and Rebel, J.},
	year = {2013},
	title = {Q fever diagnosis and control in domestic ruminants},
	journal = {Vaccines and Diagnostics for Transboundary Animal Diseases},
	volume = {135},
	pages = {183 - 189},
	doi = {}
}

@article{Bielawska:2013,
	author = {Bielawska-Dr\'{o}zd, A. and Ciel\'{s}k, P. and Mirski, T. and Bartoszcze, M. and Knap, J. and Gawe\l, J. and  Żakowska, D.},
	year = {2013},
	title = {Q fever --- selected issues},
	journal = {Annals of Agricultural and Environmental Medicine},
	volume = {20},
	pages = {222 - 232},
	doi = {}
}

@article{Dorko:2012,
	author = {Dorko, E. and Rim\'{a}rov\'{a}, K. and Pilip\v{c}inec, E.},
	year = {2012},
	title = {Influence of the environment and occupational exposure on the occurrence of {Q} fever},
	journal = {Central European Journal of Public Health},
	volume = {20},
	pages = {208 - 214},
	doi = {}
}

@article{McQuiston:2006,
	author = {McQuiston, J. and Holman, R. and McCall, C. and Childs, J. and Swerdlow, D. and Thompson, H.},
	year = {2006},
	title = {NATIONAL SURVEILLANCE AND THE EPIDEMIOLOGY OF HUMAN {Q} FEVER IN THE UNITED STATES, 1978--2004},
	journal = {American Journal of Tropical Medicine and Hygiene},
	volume = {75},
	pages = {36 - 40},
	doi = {}
}

@article{Derrick:1937,
	author = {Derrick, E.},
	title = {Q fever a new fever entity: clinical features, diagnosis, and laboratory investigation},
	journal = {Medical Journal of Australia},
	year = {1937},
	volume = {11},
	pages = {281-299}
}

@article{Madariaga:2003,
	author = {Madariaga, M. and Rezai, K. and Trenholme, G. and Weinstein, R.},
	year = {2003},
	title ={Q fever: a biological weapon in your backyard},
	journal = {Lancet Infectious Diseases},
	volume = {3},
	pages = {709–721},
	doi = {10.1016/S1473-3099(03)00804-1}
}

@article{Dijkstra:2012,
	author = {Dijkstra, F. and van der Hoek, W. and Wijers, N. and Schimmer, B. and Rietveld, A. and Wijkmans, C. and Vellema, P. and Schneeberger, P.},
	title = {The 2007--2010 {Q} fever epidemic in {T}he {N}etherlands: Characteristics of notified acute {Q} fever patients and the association with dairy goat farming},
	journal = {FEMS Immunology \& Medical Microbiology},
	year = {2012},
	volume = {64},
	pages = {3-12}
}