@article{Maldonado:1990,
title = {Rotavirus},
journal = {Bailli\`{e}re's Clinical Gastroenterology},
volume = {4},
number = {3},
pages = {609-625},
year = {1990},
note = {Virus Infections of the Gut and Liver},
issn = {0950-3528},
doi = {http://dx.doi.org/10.1016/0950-3528(90)90052-I},
url = {http://www.sciencedirect.com/science/article/pii/095035289090052I},
author = {Yvonne A. Maldonado and Robert H. Yolken}
}

@article{WHO:2008,
author = {World Health Organization},
year = {2008},
title = {Global networks for surveillance of rotavirus gastroenteritis, 2001-2008},
journal = {Weekly Epidemiological Record},
volume = {83},
number = {47},
pages = {421-428},
}

@article{Tate:2012,
title ={2008 estimate of worldwide rotavirus-associated mortality in children younger than 5 years before the introduction of universal rotavirus vaccination programmes: a systematic review and meta-analysis},
journal ={The Lancet Infectious Diseases},
volume ={12},
number ={2},
pages ={136 - 141},
year ={2012},
note ={},
issn ={1473-3099},
doi ={http://dx.doi.org/10.1016/S1473-3099(11)70253-5},
url ={http://www.sciencedirect.com/science/article/pii/S1473309911702535},
author ={Jacqueline E Tate and Anthony H Burton and Cynthia Boschi-Pinto and A Duncan Steele and Jazmin Duque and Umesh D Parashar}
}

@article{Giaquinto:2011,
author = {Giaquinto, C and Dominiak-Felden, G and Van Damme, P and Htar Myint, TT and Maldonado, YA and Spoulou, V and Mast, TC and Staat, MA},
title = {Summary of effectiveness and impact of rotavirus vaccination with the oral pentavalent rotavirus vaccine: A systematic review of the experience in industrialized countries},
journal = {Human Vaccines},
year = {2011}
volume = {7}
pages = {734-748},
doi = {http://dx.doi.org/10.4161/hv.7.7.15511}
}

@article{Jiang:2010,
author = {Jiang, V and Jiang, B and Tate, J and Parashar, UD and Patel, MM},
title = {Performance of rotavirus vaccines in developed and developing countries},
journal = {Human Vaccines},
year = {2010}
volume ={6},
pages = {532-542},
doi ={http://dx.doi.org/10.4161/hv.6.7.11278},
}

@Article{Barik:2010,
AUTHOR = {Barik, Sailen},
TITLE = {si{RNA} for Influenza Therapy},
JOURNAL = {Viruses},
VOLUME = {2},
YEAR = {2010},
NUMBER = {7},
PAGES = {1448--1457},
URL = {http://www.mdpi.com/1999-4915/2/7/1448},
PubMedID = {21994689},
ISSN = {1999-4915},
DOI = {10.3390/v2071448}
}

@article{Geisbert:2010,
title = {Postexposure protection of non-human primates against a lethal {E}bola virus challenge with {RNA} interference: a proof-of-concept study},
journal = {The Lancet},
volume = {375},
number = {9729},
pages = {1896 - 1905},
year = {2010},
note = {},
issn = {0140-6736},
doi = {http://dx.doi.org/10.1016/S0140-6736(10)60357-1},
url = {http://www.sciencedirect.com/science/article/pii/S0140673610603571},
author = {Thomas W Geisbert and Amy CH Lee and Marjorie Robbins and Joan B Geisbert and Anna N Honko and Vandana Sood and Joshua C Johnson and Susan de Jong and Iran Tavakoli and Adam Judge and Lisa E Hensley and Ian MacLachlan},
}

