@article{Mak:2014,
	title = {The pathology of {T} cells in systemic lupus erythematosus},
	author = {Mak, D. and Kow, N.},
	journal = {Journal of Immunology Research},
	year = {2014},
	volume = {2014},
	doi = {10.1155/2014/419029}
}

@article{Datta:2005,
	author = {Datta, S., and Zhang, L., and Xu, L.},
	year = {2005},
	title = {T-helper cell intrinsic defects in lupus that break peripheral tolerance to nuclear autoantigens},
	journal = {Journal of Molecular Medicine},
	volume = {83},
	pages = {267 - 278},
	doi = {10.1007/s00109-004-0624-2}
}

@article{Dong:2010,
	author = {Dong, W., and Zhu, P., and Wang, Y., and Wang, Z.},
	year = {2010},
	title = {Follicular helper {T} cells in systemic lupus erythematosus: A potential therapeutic target},
	journal = {Autoimmunity Reviews},
	volume = {10},
	pages = {299 - 304},
	doi = {10.1016/j.autrev.2010.11.004},
}

@article{Mangini:2007,
	author = {Mangini, A., and Lafyatis, R., and Van Seventer, J.},
	year = {2007},
	title = {Type {I} Interferons Inhibition of Inflammatory {T} Helper Cell Responses in Systemic Lupus Erythematosus},
	journal = {Annals of the New York Academy of Sciences},
	volume = {1108},
	pages = {11 - 23},
	doi = {10.1196/annals.1422.002}
}

@article{Wahren:2013,
	author = {Wahren-Herlenius, M., and D\"{o}mer, T.},
	year = {2013},
	title = {Immunopathogenic mechanisms of systemic autoimmune disease},
	journal = {Lancet},
	volume = {382},
	pages = {819 - 831},
	doi = {10.1016/S0140-6736(13)60954-X}
}

@article{Murdaca:2011,
	author = {Murdaca, G., and Colombo, B., and Puppo, F.},
	year = {2011},
	title = {The role of {T}h17 lymphocytes in the autoimmune and chronic inflammatory diseases},
	journal = {Internal and Emergency Medicine},
	volume = {6},
	pages = {487 - 495},
	doi = {10.1007/s11739-011-0517-7}
}

@article{Martin:2014,
	author = {Martin, J., and Baeten, D., and Josien, R.},
	year = {2014},
	title = {Emerging role of {IL}-17 and {T}h17 cells in systemic lupus erythematosus},
	journal = {Clinical Immunology},
	volume = {154},
	pages = {1 - 12},
	doi = {10.1016/j.clim.2014.05.004}
}

@article{Craft:2012,
	author = {Craft, J.},
	year = {2012},
	title = {Follicular helper {T} cells in immunity and systemic autoimmunity},
	journal = {Nature Reviews Rheumatology},
	volume = {8},
	pages = {337 - 347},
	doi = {10.1038/nrrheum.2012.58}
}