
@article{Akdis,
    author={Akdis, C. and Akdis, M. and Bieber, T. and Bindslev-Jensen, C. and Bouguniewicz, M. and Eigenmann, P.},
    year={2006},
    title={Diagnosis and treatment of atopic dermatitis in children and adults: European Academy of Allergology and Clinical Immunology American Academy of Allergy, Asthma and Immunology/PRACTALL Consensus Report},
    journal={Journal of Allergy and Clinical Immunology},
    volume= {118},
    pages= {152-169}
}

@article{Berke,
    author={Berke, R. and Singh, A. and Guralnick, M.},
    year={2012},
    title={Atopic dermatitis: an overview (PDF)},
    journal={American Family Physician}, 
    volume={86},
    pages={35-42}
}

@article{Brown.2009,
    author={Brown, S. and McLean, W.},
    year={2009},
    title={Eczema genetics: Current state of knowledge and future goals},
    journal={Journal of Investigative Dermatology},
    volume={129},
    pages={543-552}
}

@article{Brown.2012,
    author={Brown, S. and McLean, W.},
    year={2012},
    title={One remarkable molecule: Filaggrin},
    journal={Journal of Investigative Dermatology},
    volume={132},
    pages={751-762}
}

@article{Hanifen,
    author={Hanifen, J.},
    year={2009},
    title={Evolving concepts of pathogenesis in atopic dermatitis and other eczemas},
    journal={Journal of Investigative Dermatology},
    volume={129},
    pages={320-322}
}

@article{Isolauri,
    author={Isolauri, E. and Arvola, T. and Sutas, Y. and Moilanen, E. and Salminen, S.},
    year={2000},
    title={Probiotics in the management of atopic eczema},
    journal={Clinical and Experimental Allergy},
    volume={30},
    pages={1604-1610}
}

@article{Saito,
    author={Saito, Hirohisa},
    year={2005},
    title={Much atopy about the akin: Genome-wide molecular analysis of atopic eczema},
    journal={International Archives of Allergy and Immunology},
    volume={137},
    pages={319-325},
    doi={10.1159/000086464},
    PMID={15970641}
}

@article{Smith,
    author={Smith, F. and Irvine, A. and Terron-Kwiatkowski, A. and Sandilands, A. and Campbell, L. and Zhao, Y.},
    year={2006},
    title={Loss-of-function mutations in the gene encoding filaggrin cause ichthyosis vulgaris},
    journal={Nature Genetics},
    volume={38},
    pages={337-342}
}

@article{Tollefson,
    author={Tollefson, M. and Bruckner, L.},
    year={2014},
    title={Atopic dermatitis: Skin-directed management},
    journal={Pediatrics},
    volume={134},
    pages={e1735-44},
    PMID={25422009}
}

@article{Werfel,
    author={Werfel, T.},
    year={2009},
    title={The role of leukocytes, keratinocytes and allergen-specific IgE in the development of atopic dermatitis},
    journal={Journal of Investigative Dermatology},
    volume={129},
    pages={1878-1891}
}

@article{Anderson,
    author={Anderson, G. and Cookson, W.},
    year={1999},
    title={Recent advances in the genetics of allergy and asthma},
    journal={Molecular Medicine Today},
    volume={5},
    pages={264-273}
}

@article{Barnes,
    author={Barnes, P.},
    year={2006},
    title={New therapies for asthma},
    journal={Trends in Molecular Medicine},
    volume={12},
    pages={515-520},
    doi={10.1016/j.molmed.2006.09.006}
}

@article{Deckers,
    author={Deckers, J. and Madeira, F. and Hammad, H.},
    year={2013},
    title={Innate immune cells in asthma},
    journal={Trends in Immunology},
    volume={34},
    pages={540-547},
    doi={10.1016/j.it.2013.08.004}
}

@article{Lloyd,
    author={Lloyd, C. and Hawrylowicz, C.},
    year={2009},
    title={Regulatory T cells in asthma},
    journal={Immunity},
    volume={31},
    pages={438-449},
    doi={10.1016/j.immuni.2009.08.007}
}

@article{Maddox,
    author={Maddox, L. and Schwartz, D.},
    year={2002},
    title={The pathophysiology of asthma},
    journal={Annual Review of Medicine},
    volume={53},
    pages={477-498},
    doi={10.1146/annurev.med.53.082901.103921}
}

@article{Strickland,
    author={Strickland, D. and Holt, P.},
    year={2011},
    title={T regulatory cells in childhood asthma},
    journal={Trends in Immunology},
    volume={32},
    pages={420-427},
    doi={10.1016/j.it.2011.06.010}
}

@article{Clevers,
    author={Clevers, H. and Bevins, C.},
    year={2013},
    title={Paneth cells: maestros of the small intestinal crypts},
    journal={Annual Review of Physiology},
    volume={13},
    pages={289-311}
}

@article{Raetz,
    author={Raetz, M. and Hwang, S. and Wilhelm, C. and Kirkland, D. and Benson, A. and Sturge, C. and Mirpuri, J. and Vaishnava, S. and Hou, B. and Defranco, A. and Gilpin, C. and Hooper, L. and Yarovinsky, F.},
    year={2013},
    title={Parasite-induced TH1 cells and intestinal dysbiosis cooperate in IFN-Î³-dependent elimination of Paneth cells},
    journal={Nature Immunolology},
    volume={14},
    pages={136-42},
    doi={10.1038/ni.2508}
}

@article{McSorley,
    author={McSorley, S. and Bevins, C.},
    year={2013},
    title={Paneth cells: targets of friendly fire},
    journal={Nature Immunology},
    volume={14},
    pages={114-116},
    doi={10.1038/ni.2519}
}

@article{Wilhelm,
    author={Wilhelm, C. and Yarovinsky, F.},
    year={2014},
    title={Apicomplexan infections in the gut},
    journal={Parasite Immunology},
	volume={36},
	pages={409-420},
    doi={10.1111/pim.12115}
}

@article{Buzoni,
    author={Buzoni-Gatel, D. and Schulthess, J. and Menard, L. and Kasper, L},
    year={2006},
    title={Mucosal defences against orally acquired protozoan parasites, emphasis on Toxoplasma gondii infections},
    journal={Cell Microbiology},
    volume={8},
    pages={535-544}
}

@article{Schulthess,
    author={Schulthess, J. and Fourreau, D. and Darche, S. and Meresse, B. and Kasper, L. and Cerf-Bensussan, N. and Buzoni-Gatel, D},
    year={2008},
    title={Mucosal immunity in Toxoplasma gondii infection},
    journal={Parasite},
    volume={15},
    pages={389-95}
}