@article{Moreno:2013,
	author = {Moreno, M. and Furtner, F. and Rivara, F.},
	year = {2013},
	title = {\textit{{C}lostridium difficile}: A Cause of Diarrhea in Children},
	journal = {JAMA Pediatrics},
	volume = {167},
	issue = {6},
	pages = {592},
	doi = {10.1001/jamapediatrics.2013.2551},
	PMID = {23733223}
}

@article{Burke:2014,
	author = {Burke, K. and Lamont, T.},
	year = {2014},
	title = {\textit{{C}lostridium difficile} infection: A worldwide disease},
	journal = {Gut and Liver},
	volume = {8},
	issue = {1},
	pages = {1 -- 6},
	doi = {10.5009/gnl.2014.8.1.1}
}

@article{Vecchio:2014,
	author = {Vecchio,  A. and Cohen, M.},
	year = {2014},
	title = {Fecal microbiota transplantation for \textit{{C}lostridium difficile} infection: benefits and barriers},
	journal = {Current Opinion in Gastroenterology},
	volume = {30},
	issue = {1},
	pages = {47 -- 53},
	doi = {10.1097/MOG.0000000000000023}
}

@article{Smits:2013,
	author = {Smits, L. and Bouter, K. and De Vos, W. and Borody, T. and Nieudorp, M.},
	year = {2013},
	title = {Therapeutic potential of fecal microbiota transplantation},
	journal = {Gastroenterology},
	volume = {145},
	issue = {5},
	pages = {946 -- 953},
	doi = {10.1053/j.gastro.2013.08.058}
}

@article{DiBaise:2012,
	author = {DiBaise, J. and Frank, D. and Mathur, R.},
	year = {2012},
	title = {Impact of the gut microbiota on the development of obesity: Current concepts},
	journal = {American Journal of Gastroenterology Supplements},
	volume = {1},
	pages = {22 -- 27},
	doi = {10.1038/ajgsup.2012.5}
}

@article{Fleissner:2010,
	author = {Fleissner, C. and Huebel, N. and Abdl El-Bary, M. and Loh, G. and Klaus, S. and Blaut, M.},
	year = {2010},
	title = {Absence of intestinal microbiota does not protect mice from diet-induced obesity},
	journal = {British Journal of Nutrition},
	volume = {104},
	issue = {6},
	pages = {919 -- 929},
	doi = {10.1017/S0007114510001303}
}

@article{Hildebrandt:2009,
	author = {Hildebrandt, M., and Hoffmann, C., and Sherrill-Mix, S. and Keilbaugh, S. and Hamady, M. and Chen, Y. and Knight, R. and Ahima, R. and Bushman, F. and Wu, G.},
	year = {2009},
	title = {High-fat diet determines the composition of the murine gut microbiome independently of obesity},
	journal = {Gastroenterology},
	volume = {137},
	issue = {5},
	pages = {1716 -- 1724},
	doi = {10.1053/j.gastro.2009.08.042}
}

@article{Suzuki:2013,
	author = {Suzuki, T.},
	year = {2013},
	title = {Regulation of intestinal epithelial permeability by tight junctions},
	journal = {Cellular and Molecular Life Sciences},
	volume = {70},
	issue = {4},
	pages = {631 -- 659},
	doi = {10.1007/s00018-012-1070-x}
}

@article{Ostaff:2013,
	author = {Ostaff, M. and Strange, E. and Wehkamp, J.},
	year = {2013},
	title = {Antimicrobial peptides and gut microbiota in homeostasis and pathology},
	journal = {EMBO Molecular Medicine},
	volume = {5},
	issue = {10},
	pages = {1465 -- 1473},
	doi = {10.1002/emmm.201201773}
}

@article{Datta:2005,
	author = {Datta, S., and Zhang, L., and Xu, L.},
	year = {2005},
	title = {T-helper cell intrinsic defects in lupus that break peripheral tolerance to nuclear autoantigens},
	journal = {Journal of Molecular Medicine},
	volume = {83},
	pages = {267 -- 278},
	doi = {10.1007/s00109-004-0624-2}
}

@article{Dong:2011,
	author = {Dong, W., and Zhu, P., and Wang, Y., and Wang, Z.},
	year = {2011},
	title = {Follicular helper {T} cells in systemic lupus erythematosus: A potential therapeutic target},
	journal = {Autoimmunity Reviews},
	volume = {10},
	pages = {299 -- 304},
	doi = {10.1016/j.autrev.2010.11.004},
}


@article{Tiller:2007,
	author = {Tiller, T. and Tsuiji, M. and Yurasov, S. and Velinzon, K. and Nussenzweig, M. and Wardemann, H.},
	year = {2007},
	title = {Autoreactivity in human {IgG}$^{+}$ memory {B} cells},
	journal = {Immunity},
	volume = {26},
	issue = {2},
	pages = {205 -- 213},
	doi = {10.1016/j.immuni.2007.01.009}
}

@article{Cappione:2005,
	author = {Cappione, A. and Anolik, J. and Pugh-Bernard, A. and Barnard, J. and Dutcher, P. and Silverman, G. and Sanz, I.},
	year = {2005},
	title = {Germinal center exclusion of autoreactive {B} cells is defective in human systemis lupus erythematosus},
	journal = {Journal of Clinical Investigation},
	volume = {115},
	issue = {11},
	pages = {3205 -- 3216},
	doi = {10.1172/JCI24179}
}

@article{Meffre:2011,
	author = {Meffre, E.},
	year = {2011},
	title = {The establishment of early {B} cell tolerance in humans: lessons from primary immunodeficiency diseases},
	journal = {Annals of the New York Academy of Science},
	volume = {1246},
	pages = {1 -- 10},
	doi = {10.1111/j.1749-6632.2011.06347.x}
}

@article{Shevach:2000,
	author = {Shevach, E.},
	year = {2000},
	title = {Regulatory {T} cells in autoimmunity},
	journal = {Annual Review of Immunology},
	volume = {18},
	pages = {423 -- 449},
	doi = {10.1146/annurev.immunol.18.1.423}
}

@article{Kuhlhorn:2013,
	author = {K\"{u}hlhorn, F. and Rath, M. and Schmoeckel, K. and Cziupka, K. and Ngyuen, H. and Hildebrandt, P. and H\"{u}nig, T. and Sparwasser, T. and Huehn, J. and P\"{o}tschke, C. and Br\"{o}ker, B.},
	year = {2013},
	title = {Foxp3$^{+}$ regulatory {T} cells are required for recovery from severe sepsis},
	journal = {PLOS One},
	volume = {8},
	issue = {5},
	pages = {e65109},
	doi = {10.1371/journal.pone.0065109}
}

@article{Schmoeckel:2014,
	author = {Schmoeckel, K. and Traffehn, S. and Eger, C. and P\"{o}schke, C. and Br\"{o}ker, B.},
	year = {2014},
	title = {Full activation of {CD}4$^{+}$ {T} cells early during sepsis requires specific antigen},
	journal = {Shock},
	volume = {43},
	issue = {2},
	pages = {192 - 200},
	doi = {10.1097/SHK.0000000000000267}
}

@article{Dibra:2014,
	author = {Dibra, D. and Mishra, A. and Li, S.},
	year = {2014},
	title = {Molecular mechanisms of oncogene-induced inflammation and inflammation-sustained oncogene activation in gastrointestinal tymors: an underappreciated symbiotic relationship},
	journal = {Biochimica et Biophysica Acta},
	volume = {1846},
	issue = {1},
	pages = {152 - 160},
	doi = {10.1016/j.bbcan.2014.05.001}
}