@article{Emmert:2014,
author = {Emmert-Buck, M.},
year = {2014},
title = {Translational Research: From Biological Discovery to Public Benefit (or Not)},
journal = {Advances in Biology},
volume = {2014},
pages = {}
}

@article{Fang:2009,
author = {Fang, F. and Casadevall, A.},
year = {2009},
title = {Lost in Translation---Basic Science in the Era of Translational Research},
journal = {Infection and Immunity},
volume = {78},
pages = {563-566}
}

@article{Goldblatt:2010,
author = {Goldblatt, E. and Lee, W.},
year = {2010},
title = {From bench to bedside: the growing use of translational research in cancer medicine},
journal = {American Journal of Translational Research},
volume = {2},
pages = {1-18}
}

@inbook{Kraft:2013,
author = {Kraft, A.},
editor = {Mittra, J. and Milne, C.},
year = {2013},
title = {Translational Medicine: The future of therapy},
chapter = {New Light Through an Old Window? The ``Translational Turn'' in Biomedical Research: A Historical Perspective},
publisher = {Pan Stanford},
pages = {19-53}
}

@inbook{Seely:2009,
author = {Seely, E. and Grinspoon, S.},
editor = {Robertson, D. and Williams, G.},
year = {2009},
title = {Clinical and Translational Science: Principles of Human Research},
chapter = {Patient-Oriented Research: Clinical Pathophysiology and Clinical Therapeutics},
publisher = {Academic Press},
pages = {3-12}
}

@article{Bagni:2012,
author = {Claudia Bagni AND Flora Tassone AND Giovanni Neri AND Randi Hagerman},
journal = {The Journal of Clinical Investigation},
publisher = {The American Society for Clinical Investigation},
title = {Fragile X syndrome: causes, diagnosis, mechanisms, and therapeutics},
year = {2012},
month = {12},
volume = {122},
url = {http://www.jci.org/articles/view/63141},
pages = {4314-4322},
number = {12},
doi = {10.1172/JCI63141}
}

@article{Bear:2004,
title = {The mGluR theory of fragile X mental retardation},
journal = {Trends in Neurosciences},
volume = {27},
number = {7},
pages = {370 - 377},
year = {2004},
note = {},
issn = {0166-2236},
doi = {http://dx.doi.org/10.1016/j.tins.2004.04.009},
url = {http://www.sciencedirect.com/science/article/pii/S0166223604001328},
author = {Mark F Bear and Kimberly M Huber and Stephen T Warren}
}

@article{Berry:2014,
title = {Mechanism-Based Treatments in Neurodevelopmental Disorders: Fragile X Syndrome},
journal = {Pediatric Neurology},
volume = {50},
number = {4},
pages = {297 - 302},
year = {2014},
note = {},
issn = {0887-8994},
doi = {http://dx.doi.org/10.1016/j.pediatrneurol.2013.12.001},
url = {http://www.sciencedirect.com/science/article/pii/S0887899413007157},
author = {Elizabeth Berry-Kravis}
}

@article{Dolen:2005,
title = {Courting a Cure for Fragile X},
journal = {Neuron},
volume = {45},
number = {5},
pages = {642 - 644},
year = {2005},
note = {},
issn = {0896-6273},
doi = {http://dx.doi.org/10.1016/j.neuron.2005.02.021},
url = {http://www.sciencedirect.com/science/article/pii/S0896627305001649},
author = {Gul Dolen and Mark F. Bear}
}

@article{Dolen:2010,
title = {Mechanism-based approaches to treating fragile X},
journal = {Pharmacology \& Therapeutics},
volume = {127},
number = {1},
pages = {78 - 93},
year = {2010},
note = {},
issn = {0163-7258},
doi = {http://dx.doi.org/10.1016/j.pharmthera.2010.02.008},
url = {http://www.sciencedirect.com/science/article/pii/S0163725810000586},
author = {Gul Dolen and Randall L. Carpenter and Timothy D. Ocain and Mark F. Bear},
}

@article{Iliff:2013,
author = {Iliff, Adam J. and Renoux, Abigail J. and Krans, Amy and Usdin, Karen and Sutton, Michael A. and Todd, Peter K.}, 
title = {Impaired activity-dependent FMRP translation and enhanced mGluR-dependent LTD in Fragile X premutation mice},
volume = {22}, 
number = {6}, 
pages = {1180-1192}, 
year = {2013}, 
doi = {10.1093/hmg/dds525}, 
URL = {http://hmg.oxfordjournals.org/content/22/6/1180.abstract}, 
eprint = {http://hmg.oxfordjournals.org/content/22/6/1180.full.pdf+html}, 
journal = {Human Molecular Genetics} 
}

@article{Levenga:2010,
title = {Potential therapeutic interventions for fragile X syndrome},
journal = {Trends in Molecular Medicine},
volume = {16},
number = {11},
pages = {516 - 527},
year = {2010},
note = {},
issn = {1471-4914},
doi = {http://dx.doi.org/10.1016/j.molmed.2010.08.005},
url = {http://www.sciencedirect.com/science/article/pii/S1471491410001267},
author = {Josien Levenga and Femke M.S. de Vrij and Ben A. Oostra and Rob Willemsen}
}

@article{Osterweil:2010,
author = {Osterweil, Emily K. and Krueger, Dilja D. and Reinhold, Kimberly and Bear, Mark F.}, 
title = {Hypersensitivity to mGluR5 and ERK1/2 Leads to Excessive Protein Synthesis in the Hippocampus of a Mouse Model of Fragile X Syndrome},
volume = {30}, 
number = {46}, 
pages = {15616-15627}, 
year = {2010}, 
doi = {10.1523/JNEUROSCI.3888-10.2010}, 
URL = {http://www.jneurosci.org/content/30/46/15616.abstract}, 
eprint = {http://www.jneurosci.org/content/30/46/15616.full.pdf+html}, 
journal = {The Journal of Neuroscience} 
}

@article{Campochiaro:2013,
year={2013},
issn={0946-2716},
journal={Journal of Molecular Medicine},
volume={91},
number={3},
doi={10.1007/s00109-013-0993-5},
title={Ocular neovascularization},
url={http://dx.doi.org/10.1007/s00109-013-0993-5},
publisher={Springer-Verlag},
keywords={Angiogenesis; Age-related macular degeneration; Diabetic retinopathy; Hypoxia-inducible factor-1; Vascular endothelial growth factor; Platelet-derived growth factor},
author={Campochiaro, PeterA.},
pages={311-321},
language={English}
}

@article{Iriyama:2011,
author = {Iriyama, , Aya AND Oba, , Makoto AND Ishii, , Takehiko AND Nishiyama, , Nobuhiro AND Kataoka, , Kazunori AND Tamaki, , Yasuhiro AND Yanagi, , Yasuo},
journal = {PLoS ONE},
publisher = {Public Library of Science},
title = {Gene Transfer Using Micellar Nanovectors Inhibits Choroidal Neovascularization In Vivo},
year = {2011},
month = {12},
volume = {6},
pages = {e28560},
number = {12},
doi = {10.1371/journal.pone.0028560}
}

@article{MacLachlan:2011,
title = {Preclinical Safety Evaluation of AAV2-sFLT01--- A Gene Therapy for Age-related Macular Degeneration},
journal = {Molecular Therapy},
volume = {19},
number = {2},
pages = {326-334},
year = {2011},
author = {Timothy K MacLachlan and Michael Lukason and Margaret Collins and Robert Munger and Elisabete Isenberger and Cindy Rogers and Shana Malatos and Elizabeth DuFresne and James Morris and Roberto Calcedo and Gabor Veres and Abraham Scaria and Laura Andrews and Samuel Wadsworth}
}

@article{Moussavi:2007,
title = {Depression, chronic diseases, and decrements in health: results from the World Health Surveys},
journal = {The Lancet},
volume = {370},
number = {9590},
pages = {851 - 858},
year = {2007},
note = {},
issn = {0140-6736},
doi = {http://dx.doi.org/10.1016/S0140-6736(07)61415-9},
url = {http://www.sciencedirect.com/science/article/pii/S0140673607614159},
author = {Saba Moussavi and Somnath Chatterji and Emese Verdes and Ajay Tandon and Vikram Patel and Bedirhan Ustun},
}

@article{Popescu:2012,
author = {Popescu, Mihaela L. and Boisjoly, Helene and Schmaltz, Heidi and Kergoat, Marie-Jeanne and Rousseau, Jacqueline and Moghadaszadeh, Solmaz and Djafari, Fawzia and Freeman, Ellen E.}, 
title = {Explaining the Relationship between Three Eye Diseases and Depressive Symptoms in Older Adults},
volume = {53}, 
number = {4}, 
pages = {2308-2313}, 
year = {2012}, 
doi = {10.1167/iovs.11-9330}, 
URL = {http://www.iovs.org/content/53/4/2308.abstract}, 
eprint = {http://www.iovs.org/content/53/4/2308.full.pdf+html}, 
journal = {Investigative Ophthalmology \& Visual Science} 
}

@article{Popp:2013,
author = {Nicholas Popp and Xi K. Chu and Defen Shen and Jingsheng Tuo and Chi-Chao Chan},
title = {Evaluating Potential Therapies in a Mouse Model of Focal Retinal Degeneration with Age-related Macular Degeneration (AMD)-Like Lesions},
journal = {Journal of Clinical and Experimental Opthalmolgy},
volume = {4},
number = {5},
year = {2013},
pages = {},
}

@article{Rovner:2014,
title = {Low Vision Depression Prevention Trial in Age-Related Macular Degeneration: A Randomized Clinical Trial},
journal = {Ophthalmology},
volume = {},
number = {},
pages = {},
year = {2014},
note = {},
issn = {0161-6420},
doi = {http://dx.doi.org/10.1016/j.ophtha.2014.05.002},
url = {http://www.sciencedirect.com/science/article/pii/S0161642014004229},
author = {Barry W. Rovner and Robin J. Casten and Mark T. Hegel and Robert W. Massof and Benjamin E. Leiby and Allen C. Ho and William S. Tasman}
}

@ARTICLE{Sharma:2014,
AUTHOR={Sharma, Kaushal  and  Sharma, Neel Kamal  and  Anand, Akshay},   
TITLE={Why AMD is a disease of ageing and not of development: mechanisms and insights},      
JOURNAL={Frontiers in Aging Neuroscience},      
VOLUME={6},      
YEAR={2014},      
NUMBER={151},     
DOI={10.3389/fnagi.2014.00151},      
ISSN={1663-4365} ,      
}

@article{Adams:2006,
author = {Adams, Christopher P. and Brantner, Van V.}, 
title = {Estimating The Cost Of New Drug Development: Is It Really \$802 Million?},
volume = {25}, 
number = {2}, 
pages = {420-428}, 
year = {2006}, 
doi = {10.1377/hlthaff.25.2.420}, 
URL = {http://content.healthaffairs.org/content/25/2/420.abstract}, 
eprint = {http://content.healthaffairs.org/content/25/2/420.full.pdf+html}, 
journal = {Health Affairs} 
}

@article {Bichoupan:2014,
author = {Bichoupan, Kian and Martel-Laferriere, Valerie and Sachs, David and Ng, Michel and Schonfeld, Emily A. and Pappas, Alexis and Crismale, James and Stivala, Alicia and Khaitova, Viktoriya and Gardenier, Donald and Linderman, Michael and Perumalswami, Ponni V. and Schiano, Thomas D. and Odin, Joseph A. and Liu, Lawrence and Moskowitz, Alan J. and Dieterich, Douglas T. and Branch, Andrea D.},
title = {Costs of telaprevir-based triple therapy for hepatitis C: \$189,000 per sustained virological response},
journal = {Hepatology},
issn = {1527-3350},
url = {http://dx.doi.org/10.1002/hep.27340},
doi = {10.1002/hep.27340},
pages = {},
year = {2014},
}

@article{Kohli:2014,
author = {Kohli, A and Shaffer, A and Sherman, A and Kottilil, S},
title = {Treatment of hepatitis c: A systematic review},
journal = {JAMA},
volume = {312},
number = {6},
pages = {631-640},
year = {2014},
doi = {10.1001/jama.2014.7085},
URL = {http://dx.doi.org/10.1001/jama.2014.7085},
eprint = {/data/Journals/JAMA/930643/jrv140007.pdf}
}

@article{Sagnelli:2014,
year={2014},
issn={0300-8126},
journal={Infection},
volume={42},
number={4},
doi={10.1007/s15010-014-0608-2},
title={Acute hepatitis C: clinical and laboratory diagnosis, course of the disease, treatment},
url={http://dx.doi.org/10.1007/s15010-014-0608-2},
author={Sagnelli, E. and Santantonio, T. and Coppola, N. and Fasano, M. and Pisaturo, M. and Sagnelli, C.},
pages={601-610},
}

@article{Scheel:2013,
author = {Scheel, Troels K H and Rice, Charles M},
title = {Understanding the hepatitis C virus life cycle paves the way for highly effective therapies},
journal = {Nature Medicine},
year = {2013},
volume = {19},
number = {7},
pages = {837-849},
issn = {1078-8956}
url = {http://dx.doi.org/10.1038/nm.3248}
doi = {10.1038/nm.3248}
}